%%
%% WinShell 3.3.2.6
%% http://www.winshell.org/
%%

% Strings
@string{CVPR = "{Proc. CVPR}"}
@string{ECCV = "{Proc. ECCV}"}
@string{ACCV = "{Proc. ACCV}"}
@string{ICCV = "{Proc. ICCV}"}
@string{IJCV = "{International Journal of Computer Vision}"}
@string{JOSA = "{Journal of the Optical Soceity of America}"}
@string{TVCG = "{IEEE Trans. on Visualization and Computer Graphics}"}
@string{PAMI = "{IEEE Trans. Pattern Anal. Mach. Intell.}"}
@string{ToG = "{ACM Trans. on Graph.}"}
@string{SIGGRAPH = "{Proc. ACM SIGGRAPH}"}
@string{SIGGRAPHTOG = "{ACM Trans. on Graph. (Proc. of SIGGRAPH)}"}
@string{IJCAI = "{Proc. IJCAI}"}
@string{IJCAI = "{Proc. of International Joint Conference on Artificial Intelligence}"}
@string{EGSR = "{Proc. of EGSR}"}
@string{EGSR = "{Proc. of Eurographics Symposium on Rendering}"}
@string{EUROGRAPHICS = "{Proc. of Eurographics}"}


% Preamble


% BibTeX Entries
@article{berkeley_object_detection_software,
 author               = {B. Zhou and A. Lapedriza and J. Xiao and A. Torralba and A. Oliva},
 journal              = {Advances in Neural Information Processing Systems},
 title                = {Learning Deep Features for Scene Recognition},
 year                 = {2014},
 }

@article{Cabral2014,
 author               = {R. Cabral and Y. Furukawa},
 journal              = CVPR,
 title                = {Piecewise Planar and Compact Floorplan Reconstruction from Images},
 year                 = {2014},
 }

@article{Candes2011,
 author               = {E. J. Candes and X. Li and Y. Ma and J. Wright},
 journal              = {Journal of the ACM},
 number               = {3},
 pages                = {11:1--11:37},
 title                = {Robust principle component analysis?},
 volume               = {58},
 year                 = {2011},
 }

@article{Delong2012,
 author               = {A. Delong and A. Osokin and H. N. Isack and Y. Boykov},
 journal              = IJCV,
 number               = {1},
 organization         = {1--27},
 title                = {Fast Approximate Energy Minimization with Label Costs},
 volume               = {96},
 year                 = {2012},
 }

@inproceedings{hane2013joint,
 author               = {Hane, Christian and Zach, Christopher and Cohen, Andrea and Angst, Roland and Pollefeys, Marc},
 booktitle            = {Computer Vision and Pattern Recognition (CVPR), 2013 IEEE Conference on},
 organization         = {IEEE},
 pages                = {97--104},
 title                = {Joint 3D scene reconstruction and class segmentation},
 year                 = {2013},
 }

@article{Henry2012,
 author               = {P. Henry and M. Krainin and E. Herbst and X. Ren and D. Fox},
 journal              = {The International Journal of Robotics Research},
 no                   = {5},
 pages                = {647--663},
 title                = {RGB-D mapping: Using Kinect-style depth cameras for dense 3D modeling of indoor environments},
 volume               = {31},
 year                 = {2012},
 }

@article{Kazhdan2013,
 author               = {M. Kazhadan and H. Hoppe},
 journal              = SIGGRAPH,
 title                = {Screened Poisson Surface Reconstruction},
 year                 = {2013},
 }

@article{label1763,
 author               = {未知の著者},
 journal              = {未知のジャーナル},
 title                = {未知のタイトル},
 year                 = {2015},
 }

@misc{mit_scene_demo_paper,
 author               = {Ross Girshick and Jeff Donahue and Trevor Darrell and Jitendra Malik},
 title                = {Rich feature hierarchies for accurate object detection and semantic segmentation},
 url                  = {https://github.com/rbgirshick/rcnn},
 year                 = {2015},
 }

@article{Mura2014,
 author               = {C. Mura and O. Mattausch and A. J. Villanueva and E. Gobbetti and R. Pajarola},
 journal              = {Computers \& Graphics},
 pages                = {20--32},
 title                = {Automatic room detection and reconstruction in cluttered indoor environments with complex room layouts},
 volume               = {44},
 year                 = {2014},
 }

@article{PCL,
 title                = {http://pointclouds.org/},
 }

@incollection{silberman2014contour,
 author               = {Silberman, Nathan and Shapira, Lior and Gal, Ran and Kohli, Pushmeet},
 booktitle            = {Computer Vision--ECCV 2014},
 pages                = {488--503},
 publisher            = {Springer},
 title                = {A contour completion model for augmenting surface reconstructions},
 year                 = {2014},
 }

@article{Tarini2010,
 author               = {M. Tarini and N. Pietroni and P. Cignoni and D. Panozzo and E. Puppo},
 journal              = EUROGRAPHICS,
 title                = {Practical Quad Mesh Simplification},
 year                 = {2010},
 }

@article{Turner2015,
 author               = {E. Turner and P. Cheng and A. Zakhor},
 journal              = {IEEE Journal of Selected Topics in Signal Processing},
 number               = {3},
 pages                = {409--421},
 title                = {Fast, Automated, Scalable Generation of Textured 3D Models of Indoor Environments},
 volume               = {9},
 year                 = {2015},
 }
